@misc{Lant2010,
author = {Lant, Michael},
booktitle = {Software Development, Agile Methods and the Intersection of People Process and Technology},
title = {{How To Make Your Project Not Suck by Using an Agile Project Charter}},
url = {http://michaellant.com/2010/05/18/how-to-make-your-project-not-suck/},
year = {2010}
}
@book{Rubin2012,
author = {Rubin, Kenneth S},
edition = {1st},
isbn = {0137043295, 9780137043293},
publisher = {Addison-Wesley Professional},
title = {{Essential Scrum: A Practical Guide to the Most Popular Agile Process}},
year = {2012}
}
@techreport{,
institution = {U.S. Department of Defense},
pages = {2--7},
title = {{DOD Sample Phase I Proposal}},
url = {http://www.acq.osd.mil/osbp/sbir/sb/resources/sample-proposals.shtml},
year = {2011}
}
@misc{HECRAS2024,
  author = {U.S. Army Corps of Engineers},
  title = {HEC-RAS River Analysis System},
  year = {2024},
  url = {https://www.hec.usace.army.mil/software/hec-ras/}
}
@misc{ArcGIS2024,
  author = {Esri},
  title = {ArcGIS StoryMaps},
  year = {2024},
  url = {https://storymaps.arcgis.com/}
}
@misc{SimTable2023,
  author = {SimTable},
  title = {Wildfire and Flood Simulation Sand Table},
  year = {2023},
  url = {https://www.simtable.com}
}
@misc{FloodSim2023,
  author = {Serious Games Interactive},
  title = {FloodSim: Flood Management Simulation Game},
  year = {2023},
  url = {https://www.seriousgames.dk/floodsim}
}
@misc{HoloLens2023,
  author = {Microsoft},
  title = {HoloLens Environmental AR Demonstrations},
  year = {2023},
  url = {https://www.microsoft.com/hololens}
}


